[gd_scene load_steps=7 format=2]

[ext_resource path="res://Resources/Sprites/placeholder.png" type="Texture" id=1]
[ext_resource path="res://Resources/Fonts/Roboto-Black.ttf" type="DynamicFontData" id=5]
[ext_resource path="res://Scripts/Info.gd" type="Script" id=7]

[sub_resource type="StyleBoxEmpty" id=1]

[sub_resource type="Theme" id=2]
VScrollBar/icons/decrement = null
VScrollBar/icons/decrement_highlight = null
VScrollBar/icons/increment = null
VScrollBar/icons/increment_highlight = null
VScrollBar/styles/grabber = SubResource( 1 )
VScrollBar/styles/grabber_highlight = SubResource( 1 )
VScrollBar/styles/grabber_pressed = SubResource( 1 )
VScrollBar/styles/scroll = SubResource( 1 )
VScrollBar/styles/scroll_focus = SubResource( 1 )

[sub_resource type="DynamicFont" id=3]
size = 18
use_mipmaps = true
use_filter = true
font_data = ExtResource( 5 )

[node name="Info1" type="Control"]
anchor_right = 1.0
anchor_bottom = 1.0
script = ExtResource( 7 )
__meta__ = {
"_edit_use_anchors_": false
}

[node name="BG" type="TextureRect" parent="."]
anchor_right = 1.0
anchor_bottom = 1.0
texture = ExtResource( 1 )
expand = true
stretch_mode = 7

[node name="Scroll" type="ScrollContainer" parent="."]
anchor_right = 1.0
anchor_bottom = 1.0
theme = SubResource( 2 )
scroll_horizontal_enabled = false
__meta__ = {
"_edit_use_anchors_": false
}

[node name="Margin" type="MarginContainer" parent="Scroll"]
margin_right = 1080.0
margin_bottom = 1177.0
mouse_filter = 2
size_flags_horizontal = 3
custom_constants/margin_right = 15
custom_constants/margin_top = 40
custom_constants/margin_left = 15
custom_constants/margin_bottom = 40
__meta__ = {
"_edit_use_anchors_": false
}

[node name="Grid" type="VBoxContainer" parent="Scroll/Margin"]
margin_left = 15.0
margin_top = 40.0
margin_right = 1065.0
margin_bottom = 1137.0
size_flags_horizontal = 3
size_flags_vertical = 3
custom_constants/separation = 20
__meta__ = {
"_edit_use_anchors_": false
}

[node name="BtnBack" type="Button" parent="Scroll/Margin/Grid"]
margin_left = 485.0
margin_right = 565.0
margin_bottom = 80.0
rect_min_size = Vector2( 80, 80 )
focus_mode = 0
size_flags_horizontal = 4
size_flags_vertical = 4
shortcut_in_tooltip = false
enabled_focus_mode = 0
flat = true
__meta__ = {
"_edit_group_": true,
"_edit_use_anchors_": false
}

[node name="TextureRect" type="TextureRect" parent="Scroll/Margin/Grid/BtnBack"]
anchor_left = 0.5
anchor_top = 0.5
anchor_right = 0.5
anchor_bottom = 0.5
margin_left = -52.0
margin_top = -47.0
margin_right = 52.0
margin_bottom = 57.0
mouse_filter = 2
texture = ExtResource( 1 )
__meta__ = {
"_edit_use_anchors_": false
}

[node name="TextureRect" type="TextureRect" parent="Scroll/Margin/Grid"]
margin_left = 510.0
margin_top = 100.0
margin_right = 540.0
margin_bottom = 130.0
size_flags_horizontal = 4
texture = ExtResource( 1 )
__meta__ = {
"_edit_use_anchors_": false
}

[node name="TextInfo" type="Label" parent="Scroll/Margin/Grid"]
margin_top = 150.0
margin_right = 1050.0
margin_bottom = 1097.0
custom_fonts/font = SubResource( 3 )
custom_colors/font_color = Color( 1, 1, 1, 1 )
text = "Now that we've covered a few slot strategies that don't work, let's take a look at a few real, fact-based tips that can really impact your bankroll. These tips are entirely based on the reality of how these games work.

Tip # 1 - Play for fun. The house will always have a mathematical advantage over the player that you cannot beat. Therefore, you should approach your gaming sessions with the expectation that you can lose, but in the hope of accidentally winning. Your main goal should be to have a lot of fun while you play the slot.

Tip # 2 - Join a players club. Almost all casinos have loyalty bonuses, perks, and rewards for loyal players. The casino gives you a special card that you insert into the slot machine so that the casino can track how much coins you put into the game. Then they give you back a tiny percentage (something like 0.1% or 0.2%) in the form of benefits, food, paid travel and other entertainment.

One of the myths that you should ignore is that slots pay out less winnings if you insert your club card into it. This is just ridiculous. We have previously discussed how the random number generator actually works.

Tip # 3 - Avoid progressive games unless they offer life-changing opportunities to win coins. Due to the fact that the potential winnings on progressive slot machines are so great, these slots give wins much less often. They are forced to do this in order to allow players to win a huge jackpot on rare occasions. For the average player, playing the machine with lower jackpots provides more opportunities to win, even if the winnings themselves are smaller.

On the other hand, if your main goal is to win a million coins, then choose progressive games. You just have to understand that there is very little chance of changing your life by winning a huge jackpot. The odds are about the same as the odds of winning the lottery.

Tip # 4 - Don't gamble with the coins you need for a living. This should be self-explanatory, but if you are playing for coins that you cannot afford to lose, then you have a problem and you should seek professional help of some kind. You cannot play slots and make a living from it.

Tip # 5 - Try video poker. This game is similar to slots, but in video poker, the payout percentage is slightly better, as are the opportunities for using strategies that can increase your chances. Video poker is not for everyone, but I know many former slot players who switched to video poker as soon as they tried it.

Tip # 6 - Play slower. Some slot players make 600 spins per hour or more. However, remember the following. The more coins you put into a casino game, the more opportunities the casino has to take advantage of and win all your coins. Therefore, play slower. Chat with the players who are sitting next to you. Take a sip of beer between the backs. Anything you do to reduce the amount of coins you put into the game in an hour will keep your bankroll going longer.

Tip # 7 - Don't play slots at the airport. These are the worst games in town, no matter where you are. Be patient until you get to the casino, and your coins will last longer, and you will also improve your chances of winning"
autowrap = true
__meta__ = {
"_edit_use_anchors_": false
}
[connection signal="pressed" from="Scroll/Margin/Grid/BtnBack" to="." method="_on_BtnBack_pressed"]
